<?xml version="1.0" encoding="UTF-8"?><collection xmlns="http://www.loc.gov/MARC21/slim"><record><leader>00342nam--2200133-i-4500</leader><controlfield tag="001">000002619</controlfield><controlfield tag="002">20161230</controlfield><controlfield tag="005">20170114005542</controlfield><controlfield tag="008">060222s1000------------r-----000-0-eng-d</controlfield><datafield ind1=" " ind2=" " tag="100"><subfield code="a">Bickley, W. G</subfield></datafield><datafield ind1=" " ind2=" " tag="245"><subfield code="a">Bessel functions and formulae</subfield></datafield><datafield ind1=" " ind2=" " tag="260"><subfield code="a">Cambridge</subfield><subfield code="b">University Press</subfield><subfield code="c">1953</subfield></datafield><datafield ind1=" " ind2=" " tag="852"><subfield code="a">10060</subfield><subfield code="c">517.7</subfield></datafield><datafield ind1=" " ind2=" " tag="CAT"><subfield code="a">SYS</subfield><subfield code="c">20170114</subfield><subfield code="h">005542</subfield></datafield></record></collection>